@misc{web:eso:def,
  author = {esolangs.org},
  title = {Esoteric programming language},
  year = {2022},
  url = {https://esolangs.org/wiki/Esoteric_programming_language}
}

@misc{web:brainfuck:def,
  author = {esolangs.org},
  title = {brainfuck},
  year = {2022},
  url = {https://esolangs.org/wiki/Brainfuck}
}

@misc{web:piet:def,
  author = {David Morgan-Mar},
  title = {Piet},
  year = {2018},
  url = {https://www.dangermouse.net/esoteric/piet.html}
}